@article{P000,
author = {Codd, E. F.},
title = {A Relational Model of Data for Large Shared Data Banks},
year = {1970},
issue_date = {June 1970},
publisher = {Association for Computing Machinery},
address = {New York, NY, USA},
volume = {13},
number = {6},
issn = {0001-0782},
url = {https://doi-org.tudelft.idm.oclc.org/10.1145/362384.362685},
doi = {10.1145/362384.362685},
journal = {Commun. ACM},
month = jun,
pages = {377–387},
numpages = {11}
}

@article{P001,
title={Semantic errors in SQL queries: A quite complete list},
author={Brass, Stefan and Goldberg, Christian},
journal={Journal of Systems and Software},
volume={79},
number={5},
pages={630--644},
year={2006},
publisher={Elsevier}
}

@techreport{P002,
title={Detecting semantic errors in SQL queries},
author={Brass, Stefan and Goldberg, Christian and Hinneburg, Alexander},
year={2003},
institution={Technical Report, University of Halle}
}

@inproceedings{P003,
title={Do you know SQL? About semantic errors in database queries},
author={Goldberg, Christian},
booktitle={7th Workshop on Teaching, Learning and Assessment in Databases, Birmingham, UK, HEA},
year={2009},
organization={Citeseer}
}

@inproceedings{P004,
title={A knowledge-based teaching system for SQL},
author={Mitrovic, Antonija},
booktitle={Proceedings of ED-MEDIA},
volume={98},
pages={1027--1032},
year={1998}
}

@article{P005,
title={An intelligent SQL tutor on the web},
author={Mitrovic, Antonija},
journal={International Journal of Artificial Intelligence in Education},
volume={13},
number={2-4},
pages={173--197},
year={2003},
publisher={IOS Press}
}

@inproceedings{P006,
title={YASQLT--Yet Another SQL Tutor},
author={Bider, Ilia and Rogers, David},
booktitle={International Conference on Conceptual Modeling},
pages={197--206},
year={2016},
organization={Springer}
}

@inproceedings{P007,
title={JDBC checker: A static analysis tool for SQL/JDBC applications},
author={Gould, Carl and Su, Zhendong and Devanbu, Premkumar},
booktitle={Proceedings. 26th International Conference on Software Engineering},
pages={697--698},
year={2004},
organization={IEEE}
}

@inproceedings{P008,
title={Students' syntactic mistakes in writing seven different types of SQL queries and its application to predicting students' success},
author={Ahadi, Alireza and Behbood, Vahid and Vihavainen, Arto and Prior, Julia and Lister, Raymond},
booktitle={Proceedings of the 47th ACM Technical Symposium on Computing Science Education},
pages={401--406},
year={2016}
}

@inproceedings{P009,
title={Students' semantic mistakes in writing seven different types of SQL queries},
author={Ahadi, Alireza and Prior, Julia and Behbood, Vahid and Lister, Raymond},
booktitle={Proceedings of the 2016 ACM Conference on Innovation and Technology in Computer Science Education},
pages={272--277},
year={2016}
}

@inproceedings{P010,
title={On the prevalence, impact, and evolution of SQL code smells in data-intensive systems},
author={Muse, Biruk Asmare and Rahman, Mohammad Masudur and Nagy, Csaba and Cleve, Anthony and Khomh, Foutse and Antoniol, Giuliano},
booktitle={Proceedings of the 17th International Conference on Mining Software Repositories},
pages={327--338},
year={2020}
}

@inproceedings{P011,
title={Search-based test data generation for SQL queries},
author={Castelein, Jeroen and Aniche, Maur{\'\i}cio and Soltani, Mozhan and Panichella, Annibale and van Deursen, Arie},
booktitle={Proceedings of the 40th international conference on software engineering},
pages={1220--1230},
year={2018}
}

@article{P012,
title={How to normalize cooccurrence data? An analysis of some well-known similarity measures},
author={Eck, Nees Jan van and Waltman, Ludo},
journal={Journal of the American society for information science and technology},
volume={60},
number={8},
pages={1635--1651},
year={2009},
publisher={Wiley Online Library}
}

@inproceedings{P013,
title={A static code smell detector for SQL queries embedded in Java code},
author={Nagy, Csaba and Cleve, Anthony},
booktitle={2017 IEEE 17th International Working Conference on Source Code Analysis and Manipulation (SCAM)},
pages={147--152},
year={2017},
organization={IEEE}
}

@inproceedings{P014,
title={SQLInspect: A static analyzer to inspect database usage in Java applications},
author={Nagy, Csaba and Cleve, Anthony},
booktitle={Proceedings of the 40th International Conference on Software Engineering: Companion Proceeedings},
pages={93--96},
year={2018}
}

@inproceedings{P015,
title={Explaining Causes Behind SQL Query Formulation Errors},
author={Taipalus, Toni},
booktitle={2020 IEEE Frontiers in Education Conference (FIE)},
pages={1--9},
year={2020},
organization={IEEE}
}

@article{P016,
title={Errors and complications in SQL query formulation},
author={Taipalus, Toni and Siponen, Mikko and Vartiainen, Tero},
journal={ACM Transactions on Computing Education (TOCE)},
volume={18},
number={3},
pages={1--29},
year={2018},
publisher={ACM New York, NY, USA}
}

@article{P017,
title={SQL education: A systematic mapping study and future research agenda},
author={Taipalus, Toni and Sepp{\"a}nen, Ville},
journal={ACM Transactions on Computing Education (TOCE)},
volume={20},
number={3},
pages={1--33},
year={2020},
publisher={ACM New York, NY, USA}
}

@inproceedings{P018,
title={Mining Stack Overflow for discovering error patterns in SQL queries},
author={Nagy, Csaba and Cleve, Anthony},
booktitle={2015 IEEE International Conference on Software Maintenance and Evolution (ICSME)},
pages={516--520},
year={2015},
organization={IEEE}
}

@inproceedings{P019,
title={Detecting Logical Errors in SQL Queries.},
author={Brass, Stefan and Goldberg, Christian},
booktitle={Grundlagen von Datenbanken},
pages={28--32},
year={2004},
organization={Citeseer}
}

@inproceedings{P020,
title={Why, when, and what: analyzing stack overflow questions by topic, type, and code},
author={Allamanis, Miltiadis and Sutton, Charles},
booktitle={2013 10th Working Conference on Mining Software Repositories (MSR)},
pages={53--56},
year={2013},
organization={IEEE}
}

@article{P021,
title={A Study of \uppercase{C/C++} Code Weaknesses on Stack Overflow},
author={Zhang, Haoxiang and Wang, Shaowei and Li, Heng and Chen, Tse-Hsun Peter and Hassan, Ahmed E},
journal={IEEE Transactions on Software Engineering},
year={2021},
publisher={IEEE}
}

@article{P022,
title={How do developers utilize source code from stack overflow?},
author={Wu, Yuhao and Wang, Shaowei and Bezemer, Cor-Paul and Inoue, Katsuro},
journal={Empirical Software Engineering},
volume={24},
number={2},
pages={637--673},
year={2019},
publisher={Springer}
}

@inproceedings{P023,
title={Stack overflow considered harmful? the impact of copy\&paste on android application security},
author={Fischer, Felix and B{\"o}ttinger, Konstantin and Xiao, Huang and Stransky, Christian and Acar, Yasemin and Backes, Michael and Fahl, Sascha},
booktitle={2017 IEEE Symposium on Security and Privacy (SP)},
pages={121--136},
year={2017},
organization={IEEE}
}

@inproceedings{P024,
title={Man vs Machine--A Study into Language Identification of Stack Overflow Code Snippets},
author={Dietrich, Jens and Luczak-Roesch, Markus and Dalefield, Elroy},
booktitle={2019 IEEE/ACM 16th International Conference on Mining Software Repositories (MSR)},
pages={205--209},
year={2019},
organization={IEEE}
}

@inproceedings{P025,
title={Sotorrent: Studying the origin, evolution, and usage of stack overflow code snippets},
author={Baltes, Sebastian and Treude, Christoph and Diehl, Stephan},
booktitle={2019 IEEE/ACM 16th International Conference on Mining Software Repositories (MSR)},
pages={191--194},
year={2019},
organization={IEEE}
}

@inproceedings{P026,
title={Stormed: Stack overflow ready made data},
author={Ponzanelli, Luca and Mocci, Andrea and Lanza, Michele},
booktitle={2015 IEEE/ACM 12th Working Conference on Mining Software Repositories},
pages={474--477},
year={2015},
organization={IEEE}
}

@inproceedings{P027,
title={Seahawk: Stack overflow in the ide},
author={Ponzanelli, Luca and Bacchelli, Alberto and Lanza, Michele},
booktitle={2013 35th International Conference on Software Engineering (ICSE)},
pages={1295--1298},
year={2013},
organization={IEEE}
}

@inproceedings{P028,
title={Generating robust parsers using island grammars},
author={Moonen, Leon},
booktitle={Proceedings Eighth Working Conference on Reverse Engineering},
pages={13--22},
year={2001},
organization={IEEE}
}

@article{P029,
title={What are developers talking about? an analysis of topics and trends in stack overflow},
author={Barua, Anton and Thomas, Stephen W and Hassan, Ahmed E},
journal={Empirical Software Engineering},
volume={19},
number={3},
pages={619--654},
year={2014},
publisher={Springer}
}

@inproceedings{P030,
title={An exploratory analysis of mobile development issues using stack overflow},
author={Linares-V{\'a}squez, Mario and Dit, Bogdan and Poshyvanyk, Denys},
booktitle={2013 10th Working Conference on Mining Software Repositories (MSR)},
pages={93--96},
year={2013},
organization={IEEE}
}

@inproceedings{P031,
title={A manual categorization of android app development issues on stack overflow},
author={Beyer, Stefanie and Pinzger, Martin},
booktitle={2014 IEEE International Conference on Software Maintenance and Evolution},
pages={531--535},
year={2014},
organization={IEEE}
}

@article{P032,
title={Comparison and evaluation of source code mining tools and techniques: A qualitative approach},
author={Khatoon, Shaheen and Li, Guohui and Mahmood, Azhar},
journal={Intelligent Data Analysis},
volume={17},
number={3},
pages={459--484},
year={2013},
publisher={IOS Press}
}

@inproceedings{P033,
title={Pravaaha: Mining android applications for discovering api call usage patterns and trends},
author={Lamba, Yash and Khattar, Manisha and Sureka, Ashish},
booktitle={Proceedings of the 8th India Software Engineering Conference},
pages={10--19},
year={2015}
}

@inproceedings{P034,
title={MAPO: Mining API usages from open source repositories},
author={Xie, Tao and Pei, Jian},
booktitle={Proceedings of the 2006 international workshop on Mining software repositories},
pages={54--57},
year={2006}
}

@inproceedings{P035,
title={An approach to mining call-usage patternswith syntactic context},
author={Kagdi, Huzefa and Collard, Michael L and Maletic, Jonathan I},
booktitle={Proceedings of the twenty-second IEEE/ACM international conference on Automated software engineering},
pages={457--460},
year={2007}
}

@inproceedings{P036,
title={What to expect and what to focus on in SQL query teaching},
author={Taipalus, Toni and Per{\"a}l{\"a}, Piia},
booktitle={Proceedings of the 50th ACM Technical Symposium on Computer Science Education},
pages={198--203},
year={2019}
}

@inproceedings{P037,
title={Learning SQL with a computerized tutor},
author={Mitrovic, Antonija},
booktitle={Proceedings of the twenty-ninth SIGCSE technical symposium on Computer science education},
pages={307--311},
year={1998}
}

@article{P991,
title={An anova test for functional data},
author={Cuevas, Antonio and Febrero, Manuel and Fraiman, Ricardo},
journal={Computational statistics \& data analysis},
volume={47},
number={1},
pages={111--122},
year={2004},
publisher={Elsevier}
}

@book{P992,
title={Visualization analysis and design},
author={Munzner, Tamara},
year={2014},
publisher={CRC press}
}

@article{P993,
title={Weaknesses in Software Written in \uppercase{C}},
url={https://cwe.mitre.org/data/definitions/658.html},
author={MITRE},
journal={MITRE, Retrieved April},
year={2021}
}

@article{P994,
title={\uppercase{CWE} \uppercase{T}op 25 Most Dangerous Software Errors},
url={https://cwe.mitre.org/top25/archive/2019/2019_cwe_top25.html},
author={MITRE},
journal={MITRE, Retrieved April},
year={2021}
}

@article{P995,
title={E0178: LIKE operator is used without wildcards},
url={https://sqlenlight.com/support/help/SA0178/},
author={SQL Enlight},
journal={SQL Enlight, Retrieved April}, 
year={2021}
}

@article{P996,
title={E0007: Pattern starting with “\%” in LIKE predicate},
url={https://sqlenlight.com/support/help/SA0007/},
author={SQL Enlight},
journal={SQL Enlight, Retrieved April}, 
year={2021}
}

@article{P997,
title={E0102: Do not use DISTINCT keyword in aggregate functions},
url={https://sqlenlight.com/support/help/SA0102/},
author={SQL Enlight},
journal={SQL Enlight, Retrieved April}, 
year={2021}
}

@book{P998,
title={SQL antipatterns: avoiding the pitfalls of database programming},
author={Karwin, Bill},
year={2010},
publisher={Pragmatic Bookshelf}
}

@article{P999,
title={Stack Overflow Annual Developer Survey 2020},
author={Overflow, Stack},
journal={Retrieved February},
pages={2021},
year={2021}
}